% This file was created with JabRef 2.8.1.
% Encoding: Cp1252



@BOOK{dueck:trio,
  title = {Mike DeBoer},
  year = {2015},
  author = {Understanding the Heat Map },
  address = {University of Nebraska at Omaha},
  note = {\url{http://cartographicperspectives.org/index.php/journal/article/view/cp80-deboer/1420}}
}
