% This file was created with JabRef 2.8.1.
% Encoding: Cp1252



@BOOK{Mk:Deb,
  title = {Mike DeBoer},
  author = {Understanding the Heat Map - 2015},
  address = {University of Nebraska at Omaha, USA},
  note = {      \url{http://cartographicperspectives.org/index.php/journal/article/view/cp80-deboer/1420}}
}


